<record><leader>00000cas a2200000 a 4500</leader><controlfield tag="001">11946505</controlfield><controlfield tag="008">850422d19621985ksudr ne      0   a0eng d</controlfield><datafield ind1=" " ind2=" " tag="010"><subfield code="a">sn 85029993 </subfield></datafield><datafield ind1=" " ind2=" " tag="040"><subfield code="a">KSH</subfield><subfield code="b">eng</subfield><subfield code="c">KSH</subfield><subfield code="d">NPT</subfield><subfield code="d">NSD</subfield><subfield code="d">OCL</subfield><subfield code="d">OCLCQ</subfield></datafield><datafield ind1=" " ind2=" " tag="042"><subfield code="a">msc</subfield></datafield><datafield ind1="0" ind2="4" tag="245"><subfield code="a">The Daily news of Johnson County.</subfield></datafield><datafield ind1="1" ind2="3" tag="246"><subfield code="a">Olathe news</subfield><subfield code="f">Sept. 21 &amp; 26, 1962</subfield></datafield><datafield ind1=" " ind2=" " tag="260"><subfield code="a">Olathe, Kan. :</subfield><subfield code="b">Pub. Enterprises, Inc. :</subfield><subfield code="b">E.W. Johnson,</subfield><subfield code="c">1962-1985.</subfield></datafield><datafield ind1=" " ind2=" " tag="300"><subfield code="a">23 v. :</subfield><subfield code="b">ill. ;</subfield><subfield code="c">58 cm.</subfield></datafield><datafield ind1=" " ind2=" " tag="310"><subfield code="a">Daily (except Sunday &amp; Monday)</subfield></datafield><datafield ind1="0" ind2=" " tag="362"><subfield code="a">Vol. 3, no. 121 (Sept. 20, 1962)-v. 26, no. 235 (Dec. 31, 1985).</subfield></datafield><datafield ind1=" " ind2=" " tag="500"><subfield code="a">Issued in various editions.</subfield></datafield><datafield ind1=" " ind2=" " tag="500"><subfield code="a">Publisher varies.</subfield></datafield><datafield ind1=" " ind2=" " tag="525"><subfield code="a">Includes supplements.</subfield></datafield><datafield ind1=" " ind2=" " tag="752"><subfield code="a">United States</subfield><subfield code="b">Kansas</subfield><subfield code="c">Johnson</subfield><subfield code="d">Olathe.</subfield></datafield><datafield ind1="0" ind2="0" tag="780"><subfield code="t">Olathe news</subfield><subfield code="w">(DLC)sn 85029955</subfield></datafield><datafield ind1="0" ind2="0" tag="785"><subfield code="t">Olathe daily news</subfield><subfield code="x">0886-9871</subfield><subfield code="w">(DLC)sn 86066850</subfield></datafield></record>